
@inproceedings{ratliff2006maximum,
  title={Maximum margin planning},
  author={Ratliff, Nathan D and Bagnell, J Andrew and Zinkevich, Martin A},
  booktitle={Proceedings of the 23rd international conference on Machine learning},
  pages={729--736},
  year={2006},
  organization={ACM}
}
@inproceedings{ziebart2008maximum,
  title={Maximum Entropy Inverse Reinforcement Learning.},
  author={Ziebart, Brian D and Maas, Andrew L and Bagnell, J Andrew and Dey, Anind K},
  booktitle={AAAI},
  pages={1433--1438},
  year={2008}
}

@article{ratliff2009learning,
  title={Learning to search: structured prediction techniques for imitation learning},
  author={Ratliff, Nathan D and Kuffner, James and Ng, Andrew},
  year={2009},
  publisher={Citeseer}
}

@inproceedings{levine2011nonlinear,
  title={Nonlinear inverse reinforcement learning with Gaussian processes},
  author={Levine, Sergey and Popovic, Zoran and Koltun, Vladlen},
  booktitle={Advances in Neural Information Processing Systems},
  pages={19--27},
  year={2011}
}


@phdthesis{ziebart2010modelingthesis,
  title={Modeling purposeful adaptive behavior with the principle of maximum causal entropy},
  author={Ziebart, Brian D},
  year={2010},
  school={Carnegie Mellon University}
}

@article{ratliff2007boosting,
  title={Boosting structured prediction for imitation learning},
  author={Ratliff, Nathan and Bradley, David and Bagnell, J Andrew and Chestnutt, Joel},
  journal={Robotics Institute},
  pages={54},
  year={2007}
}
@article{ramachandran2007bayesian,
  title={Bayesian inverse reinforcement learning},
  author={Ramachandran, Deepak and Amir, Eyal},
  journal={Urbana},
  volume={51},
  pages={61801},
  year={2007}
}



@inproceedings{henry2010learning,
  title={Learning to navigate through crowded environments},
  author={Henry, Peter and Vollmer, Christian and Ferris, Brian and Fox, Dieter},
  booktitle={Robotics and Automation (ICRA), 2010 IEEE International Conference on},
  pages={981--986},
  year={2010},
  organization={IEEE}
}

@inproceedings{vasquez2014inverse,
  title={Inverse Reinforcement Learning algorithms and features for robot navigation in crowds: An experimental comparison},
  author={Vasquez, Dizan and Okal, Billy and Arras, Kai O},
  booktitle={Intelligent Robots and Systems (IROS 2014), 2014 IEEE/RSJ International Conference on},
  pages={1341--1346},
  year={2014},
  organization={IEEE}
}


@inproceedings{ng2000algorithms,
  title={Algorithms for inverse reinforcement learning.},
  author={Ng, Andrew Y and Russell, Stuart J and others},
  booktitle={Icml},
  pages={663--670},
  year={2000}
}

@article{grollman2012robot,
  title={Robot learning from failed demonstrations},
  author={Grollman, Daniel H and Billard, Aude G},
  journal={International Journal of Social Robotics},
  volume={4},
  number={4},
  pages={331--342},
  year={2012},
  publisher={Springer}
}
